@online{flighradar,
  author = "Svenska Resen√§tverket",
  title = "flighradar24",
  url = "https://www.flightradar24.com/"
}

@online{gson,
  author = "Google Inc",
  title = "Gson",
  url = "https://github.com/google/gson"
}

@online{volley,
  author = "Android Developers Documentation",
  title = "Volley overview",
  url = "https://developer.android.com/training/volley"
}

@online{mapssdk,
  author = "Android Developers Documentation",
  title = "Maps SDK for Android",
  url = "https://developers.google.com/maps/documentation/android-sdk/start"
}

@online{compatibility,
  author = "Android Developers Documentation",
  title = "Device compatibility overview",
  url = "https://developer.android.com/guide/practices/compatibility"
}

@online{sharedelements,
  author = "Android Developers Documentation",
  title = "Start an activity using an animation",
  url = "https://developer.android.com/training/transitions/start-activity"
}

@online{tiapi,
  author = "bluviolin",
  title = "API del sistema Viaggiatreno",
  url = "https://github.com/bluviolin/TrainMonitor/wiki/API-del-sistema-Viaggiatreno"
}

@online{dijkstra,
  author = "Wikipedia",
  title = "Dijkstra's algorithm",
  url = "https://en.wikipedia.org/wiki/Dijkstra%27s_algorithm"
}
